<record><leader>00000cas a22000007a 4500</leader><controlfield tag="001">11695644</controlfield><controlfield tag="008">850214d18591932wiuwr ne      0    0eng d</controlfield><datafield ind1=" " ind2=" " tag="010"><subfield code="a">sn 85033139 </subfield></datafield><datafield ind1=" " ind2=" " tag="040"><subfield code="a">NPU</subfield><subfield code="b">eng</subfield><subfield code="c">NPU</subfield><subfield code="d">NPV</subfield><subfield code="d">NPX</subfield><subfield code="d">NVF</subfield><subfield code="d">OCL</subfield><subfield code="d">OCLCQ</subfield><subfield code="d">OCLCF</subfield><subfield code="d">OCLCO</subfield></datafield><datafield ind1=" " ind2=" " tag="042"><subfield code="a">msc</subfield></datafield><datafield ind1=" " ind2=" " tag="043"><subfield code="a">n-us-wi</subfield></datafield><datafield ind1="0" ind2="4" tag="245"><subfield code="a">The Manitowoc pilot.</subfield></datafield><datafield ind1=" " ind2=" " tag="260"><subfield code="a">Manitowoc, Wis. :</subfield><subfield code="b">Jeremiah Crowley,</subfield><subfield code="c">1859-1932.</subfield></datafield><datafield ind1=" " ind2=" " tag="300"><subfield code="a">v. ;</subfield><subfield code="c">71 cm.</subfield></datafield><datafield ind1=" " ind2=" " tag="310"><subfield code="a">Weekly</subfield></datafield><datafield ind1="0" ind2=" " tag="362"><subfield code="a">Vol. 1, no. 1 (June 14, 1859)-v. 73, no. 52 (June 9, 1932).</subfield></datafield><datafield ind1=" " ind2=" " tag="500"><subfield code="a">Publisher varies.</subfield></datafield><datafield ind1=" " ind2="0" tag="651"><subfield code="a">Manitowoc (Wis.)</subfield><subfield code="v">Newspapers.</subfield></datafield><datafield ind1=" " ind2="7" tag="655"><subfield code="a">Newspapers.</subfield><subfield code="2">fast</subfield><subfield code="0">(OCoLC)fst01423814</subfield></datafield><datafield ind1=" " ind2="7" tag="651"><subfield code="a">Wisconsin</subfield><subfield code="z">Manitowoc.</subfield><subfield code="2">fast</subfield><subfield code="0">(OCoLC)fst01225415</subfield></datafield><datafield ind1=" " ind2=" " tag="752"><subfield code="a">United States</subfield><subfield code="b">Wisconsin</subfield><subfield code="c">Manitowoc</subfield><subfield code="d">Manitowoc.</subfield></datafield><datafield ind1="0" ind2="5" tag="780"><subfield code="t">Manitowoc tribune (Manitowoc, Wis. : 1866)</subfield><subfield code="w">(DLC)sn 85033153</subfield><subfield code="w">(OCoLC)11707585</subfield></datafield></record>